@article{geffner2013concise,
  title={A concise introduction to models and methods for automated planning},
  author={Geffner, Hector and Bonet, Blai},
  journal={Synthesis Lectures on Artificial Intelligence and Machine Learning},
  volume={8},
  number={1},
  pages={1--141},
  year={2013},
  publisher={Morgan \& Claypool Publishers}
}


@MANUAL{Ghallab98,
  author = {Ghallab, M. and Howe, A. and Knoblock, C. and McDermott, D. and Ram, A. and
           Veloso, M. and Weld, D. and Wilkins, D.},
  year = 1998,
  title = {{PDDL} - The Planning Domain Definition Language},
  organization = {{AIPS-98} Planning Competition Committee}
}

@book{ghallab2004automated,
  title={Automated Planning: theory and practice},
  author={Ghallab, Malik and Nau, Dana and Traverso, Paolo},
  year={2004},
  publisher={Elsevier}
}


@inproceedings{kambhampati2007model,
  title={Model-lite planning for the web age masses: The challenges of planning with incomplete and evolving domain models},
  author={Kambhampati, Subbarao},
  booktitle={Proc. of the National Conference on Artificial Intelligence ({AAAI-07})},
  volume={22(2)},
  pages={1601--1604},
  year={2007}
}

@inproceedings{kautz1999unifying,
  title={Unifying SAT-based and graph-based planning},
  author={Kautz, Henry and Selman, Bart},
  booktitle={Proc. of the International Joint Conference on Artificial Intelligence ({IJCAI-99})},
  volume={99},
  pages={318--325},
  year={1999}
}


@article{rintanen2009planning,
  title={Planning and SAT},
  author={Rintanen, Jussi},
  journal={Handbook of Satisfiability},
  volume={185},
  pages={483--504},
  year={2009}
}


@article{rintanen2012planning,
  title={Planning as satisfiability: Heuristics},
  author={Rintanen, Jussi},
  journal={Artificial Intelligence},
  volume={193},
  pages={45--86},
  year={2012},
  publisher={Elsevier}
}


@article{do2001planning,
  title={Planning as constraint satisfaction: Solving the planning graph by compiling it into CSP},
  author={Do, Minh Binh and Kambhampati, Subbarao},
  journal={Artificial Intelligence},
  volume={132},
  number={2},
  pages={151--182},
  year={2001},
  publisher={Elsevier}
}


@inproceedings{lopez2003generalizing,
  title={Generalizing graphplan by formulating planning as a CSP},
  author={Lopez, Adriana and Bacchus, Fahiem},
  booktitle={Proc. of the International Joint Conference on Artificial Intelligence ({IJCAI-03})},
  volume={3},
  pages={954--960},
  year={2003}
}


@article{vidal2006branching,
  title={Branching and pruning: An optimal temporal POCL planner based on constraint programming},
  author={Vidal, Vincent and Geffner, H{\'e}ctor},
  journal={Artificial Intelligence},
  volume={170},
  number={3},
  pages={298},
  year={2006},
  publisher={Amsterdam: North-Holland Pub. Co.}
}


@inproceedings{jimenez2015temporal,
  title={Temporal planning with required concurrency using classical planning},
  author={Jim{\'e}nez, Sergio and Jonsson, Anders and Palacios, H{\'e}ctor},
  booktitle={Proc. of the International Conference on Automated Planning and Scheduling {(ICAPS-15)}},
  year={2015}
}


@inproceedings{howey2004val,
  title={{VAL}: Automatic plan validation, continuous effects and mixed initiative planning using {PDDL}},
  author={Howey, Richard and Long, Derek and Fox, Maria},
  booktitle={Proc. of the 16th {IEEE} International Conference on Tools with Artificial Intelligence (ICTAI-04)},
  pages={294--301},
  year={2004}
}


@article{garrido2009constraint,
  title={A constraint programming formulation for planning: from plan scheduling to plan generation},
  author={Garrido, Antonio and Arangu, Marlene and Onaindia, Eva},
  journal={Journal of Scheduling},
  volume={12},
  number={3},
  pages={227--256},
  year={2009},
  publisher={Springer}
}


@article{fox2003pddl2,
  title={{PDDL2.1}: An extension to {PDDL} for expressing temporal planning domains},
  author={Fox, Maria and Long, Derek},
  journal={Journal of Artificial Intelligence Research},
  volume={20},
  pages={61--124},
  year={2003}
}

@article{fox:TIM:JAIR1998,
  title={The automatic inference of state invariants in {TIM}},
  author={Fox, Maria and Long, Derek},
  journal={Journal of Artificial Intelligence Research},
  volume={9},
  pages={367--421},
  year={1998}
}

@inproceedings{cushing2007temporal,
  title={When is temporal planning really temporal?},
  author={Cushing, William and Kambhampati, Subbarao and Weld, Daniel S and others},
  booktitle={Proc. of the International Joint Conference on Artificial intelligence},
  pages={1852--1859},
  year={2007},
  organization={Morgan Kaufmann Publishers Inc.}
}


@article{vallati20152014,
  title={The 2014 international planning competition: Progress and trends},
  author={Vallati, Mauro and Chrpa, Lukas and Grze{\'s}, Marek and McCluskey, Thomas Leo and Roberts, Mark and Sanner, Scott and others},
  journal={{AI} Magazine},
  volume={36},
  number={3},
  pages={90--98},
  year={2015}
}


@inproceedings{sreedharan2018handling,
  title={Handling Model Uncertainty and Multiplicity in Explanations via Model Reconciliation},
  author={Sreedharan, Sarath and Chakraborti, Tathagata and Kambhampati, Subbarao},
  booktitle = {Proc. of the International Conference on Automated Planning and Scheduling {(ICAPS-18)}},
  pages={518--526},
  year={2018}
}

@inproceedings{aineto2018icaps,
  title={Learning {STRIPS} action models with classical planning},
  author={Aineto, D. and Jim{\'e}nez, S. and Onaindia, E.},
  booktitle = {Proc. of the International Conference on Automated Planning and Scheduling {(ICAPS-18)}},
  pages={399--407},
  year={2018}
}

@inproceedings{aineto2019icaps,
  title={Model recognition as planning},
  author={Aineto, D. and Jim{\'e}nez, S. and Onaindia, E. and Ram{\'i}rez, M.},
  booktitle = {Proc. of the International Conference on Automated Planning and Scheduling {(ICAPS-19)}},
  pages={In press},
  year={2019}
}

@PHDTHESIS{ramirez2012,
  author =       {Ram{\'i}rez, M.},
  title =        {Plan recognition as planning},
  school =       {Universitat Pompeu Fabra},
  year =         {2012}
}

@inproceedings{bonet2009icaps,
  title={Automatic Derivation of Memoryless Policies and Finite-State Controllers Using Classical Planners},
  author={Bonet, B. and Palacios, H. and Geffner, H.},
  booktitle = {Proc. of the International Conference on Automated Planning and Scheduling {(ICAPS-09)}},
  pages={34--41},
  year={2009}
}

@article{cresswell2013,
  title={Acquiring planning domain models using {LOCM}},
  author={Cresswell, S. N. and McCluskey, T.L. and West, M.M},
  journal={The Knowledge Engineering Review},
  volume={28(2)},
  pages={195--213},
  year={2013}
}

@inproceedings{segovia2016ijcai,
  title={Hierarchical Finite State Controllers for Generalized Planning},
  author={Segovia-Aguas, J. and Jimenez, S. and Jonsson, A.},
  booktitle = {Proc. of the International Joint Conference on Artificial Intelligence {(IJCAI-16)}},
  pages={3235--3241},
  year={2016}
}

@article{hoffmann2005,
  title={The Deterministic Part of {IPC-4}: an Overview},
  author={Hoffmann, J. and Edelkamp, S.},
  journal={Journal of Artificial Intelligence Research},
  volume={24},
  pages={519--579},
  year={2005}
}

@INPROCEEDINGS{Edelkamp04,
  author = {Edelkamp, S. and Hoffmann, J.},
  pages = {2--6},
  year = 2004,
  title = {{PDDL2.2}: the Language for the Classical Part of {IPC--4}},
  booktitle = {Proc. of the International Conference on Automated Planning and Scheduling ({ICAPS}-04) -- International Planning Competition}
}

@article{jimenez2012review,
  title={A review of machine learning for automated planning},
  author={Jim{\'e}nez, Sergio and De la Rosa, Tom{\'a}s and Fern{\'a}ndez, Susana and Fern{\'a}ndez, Fernando and Borrajo, Daniel},
  journal={The Knowledge Engineering Review},
  volume={27},
  number={4},
  pages={433--467},
  year={2012},
  publisher={Cambridge University Press}
}


@article{arora2018review,
  title={A review of learning planning action models},
  author={Arora, Ankuj and Fiorino, Humbert and Pellier, Damien and M{\'e}tivier, Marc and Pesty, Sylvie},
  journal={The Knowledge Engineering Review},
  volume={33},
  year={2018},
  publisher={Cambridge University Press}
}


@article{yang2007learning,
  title={Learning action models from plan examples using weighted {MAX-SAT}},
  author={Yang, Qiang and Wu, Kangheng and Jiang, Yunfei},
  journal={Artificial Intelligence},
  volume={171},
  number={2-3},
  pages={107--143},
  year={2007},
  publisher={Elsevier}
}

@inproceedings{MouraoZPS12,
  author    = {Kira Mour{\~{a}}o and
               Luke S. Zettlemoyer and
               Ronald P. A. Petrick and
               Mark Steedman},
  title     = {Learning {STRIPS} Operators from Noisy and Incomplete Observations},
  booktitle = {Proc. of the Conference on Uncertainty in Artificial Intelligence ({UAI-12})},
  pages     = {614--623},
  year      = {2012}
}

@inproceedings{kuvcera2018louga,
  author    = {Jir{\'{\i}} Kucera and Roman Bart{\'{a}}k},
  title     = {{LOUGA:} Learning Planning Operators Using Genetic Algorithms},
  booktitle={Proc. of the Pacific Rim Knowledge Acquisition Workshop ({PKAW-18})},
  pages     = {124--138},
  year      = {2018}
}



@article{hoffmann2004ordered,
  title={Ordered landmarks in planning},
  author={Hoffmann, J{\"o}rg and Porteous, Julie and Sebastia, Laura},
  journal={Journal of Artificial Intelligence Research},
  volume={22},
  pages={215--278},
  year={2004}
}

@article{gerevini2003planning,
  title={Planning through stochastic local search and temporal action graphs in LPG},
  author={Gerevini, Alfonso and Saetti, Alessandro and Serina, Ivan},
  journal={Journal of Artificial Intelligence Research},
  volume={20},
  pages={239--290},
  year={2003}
}


@inproceedings{eyerich2009using,
  title={Using the context-enhanced additive heuristic for temporal and numeric planning},
  author={Eyerich, Patrick and Mattm{\"u}ller, Robert and R{\"o}ger, Gabriele},
  booktitle={Proc. of the International Conference on Automated Planning and Scheduling ({ICAPS-09})},
  year={2009}
}

@article{marzal2016temporal,
  title={Temporal landmark graphs for solving overconstrained planning problems},
  author={Marzal, Eliseo and Sebastia, Laura and Onaindia, Eva},
  journal={Knowledge-Based Systems},
  volume={106},
  pages={14--25},
  year={2016},
  publisher={Elsevier}
}


@article{AmirC08,
  author    = {Eyal Amir and Allen Chang},
  title     = {Learning Partially Observable Deterministic Action Models},
  journal   = {Journal of Artificial Intelligence Research},
  volume    = {33},
  pages     = {349--402},
  year      = {2008}
}

%%% LAMP 2010
@article{ZhuoYHL10,
  author    = {Hankz Hankui Zhuo and Qiang Yang and Derek Hao Hu and Lei Li},
  title     = {Learning complex action models with quantifiers and logical implications},
  journal   = {Artificial Intelligence},
  volume    = {174},
  number    = {18},
  pages     = {1540--1569},
  year    = {2010},
}

%%%  AMAN 2013
@inproceedings{zhuo2013action,
  title={Action-Model Acquisition from Noisy Plan Traces},
  author={Zhuo, Hankz Hankui and Kambhampati, Subbarao},
  booktitle={Proc. of the International Joint Conference on Artificial Intelligence ({IJCAI-13})},
  pages={2444--2450},
  year={2013}
}

%%%  RIM 2013
@inproceedings{ZhuoNK13,
  author    = {Hankz Hankui Zhuo and Tuan Anh Nguyen and Subbarao Kambhampati},
  title     = {Refining Incomplete Planning Domain Models Through Plan Traces},
  booktitle = {Proc. of the International Joint Conference on Artificial Intelligence ({IJCAI-13})},
  pages     = {2451--2458},
  year      = {2013}
}

%%%  TRAMP 2014
@article{ZhuoQ14,
  author    = {Hankz Hankui Zhuo and Qiang Yang},
  title     = {Action-model acquisition for planning via transfer learning},
  journal   = {Artificial Intelligence},
  volume    = {212},
  pages     = {80--103},
  year      = {2014}
}

%%%  CAMA 2015
@inproceedings{Zhuo15,
  author    = {Hankz Hankui Zhuo},
  title     = {Crowdsourced Action-Model Acquisition for Planning},
  booktitle = {Proc. of the National Conference on Artificial Intelligence ({AAAI-15})},
  pages     = {3439--3446},
  year      = {2015}
}

%%%  MODEL LITE  2017
@article{ZhuoK17,
  author    = {Hankz Hankui Zhuo and Subbarao Kambhampati},
  title     = {Model-lite planning: Case-based vs. model-based approaches},
  journal   = {Artificial Intelligence},
  volume    = {246},
  pages     = {1--21},
  year      = {2017}
}

@inproceedings{CresswellMW09,
  author    = {Stephen Cresswell and Thomas Leo McCluskey and Margaret Mary West},
  title     = {{Acquisition of Object-Centred Domain Models from Planning Examples}},
  booktitle = {Proc. of the International Conference on Automated Planning and Scheduling {(ICAPS-09)}},
  year      = {2009},
  publisher = {{AAAI} Press}
}

@article{cresswell2013acquiring,
  title={Acquiring planning domain models using {LOCM}},
  author={Cresswell, Stephen N and McCluskey, Thomas L and West, Margaret M},
  journal={The Knowledge Engineering Review},
  volume={28},
  number={02},
  pages={195--213},
  year={2013},
  publisher={Cambridge Univ Press}
}

@article{Jialin2010,
	title={A Survey on Transfer Learning},
	author={Jialin Pan, Sinno and Yang, Qiang},
	journal={{IEEE} Transactions on Knowledge and Data Engineering},
	volume={22(10)},
	pages={1345--1359},
	year={2010}
}

@article{Aggarwal2016,
	title={On Learning of Choice Models with Interactive Attributes},
	author={Aggarwal, Manish},
	journal={{IEEE} Transactions on Knowledge and Data Engineering},
	volume={28(10)},
	pages={2697--2708},
	year={2016}
}

@article{Zhuo2014,
	title={Learning Hierarchical Task Network Domains from Partially Observed Plan Traces},
	author={Zhuo, Hankz Hankui and Mu\~{n}oz-Avila, Hector and Yang, Qiang},
	journal={Artificial Intelligence},
	volume={212},
	pages={134--157},
	year={2014}
}

@article{Baker2009,
	title={Action understanding as inverse planning},
	author={Baker, Chris L. and Saxe, Rebecca and Tenenbaum, Joshua B.},
	journal={Cognition},
	volume={113},
	pages={329--349},
	year={2009}
}

@ARTICLE{Lauretti2018,
	AUTHOR={Lauretti, Clemente and Cordella, Francesca and Ciancio, Anna Lisa and Trigili, Emilio and Catalan, Jose Maria and Badesa, Francisco Javier and Crea, Simona and Pagliara, Silvio Marcello and Sterzi, Silvia and Vitiello, Nicola and Garcia Aracil, Nicolas and Zollo, Loredana},   
	TITLE={Learning by Demonstration for Motion Planning of Upper-Limb Exoskeletons},      	
	JOURNAL={Frontiers in Neurorobotics},      	
	VOLUME={12},      
	PAGES={1--5},     
	YEAR={2018}
}