@article{geffner2013concise,
  title={A concise introduction to models and methods for automated planning},
  author={Geffner, Hector and Bonet, Blai},
  journal={Synthesis Lectures on Artificial Intelligence and Machine Learning},
  volume={8},
  number={1},
  pages={1--141},
  year={2013},
  publisher={Morgan \& Claypool Publishers}
}


@book{ghallab2004automated,
  title={Automated Planning: theory and practice},
  author={Ghallab, Malik and Nau, Dana and Traverso, Paolo},
  year={2004},
  publisher={Elsevier}
}


@inproceedings{kambhampati2007model,
  title={Model-lite planning for the web age masses: The challenges of planning with incomplete and evolving domain models},
  author={Kambhampati, Subbarao},
  booktitle={Proceedings of the National Conference on Artificial Intelligence},
  volume={22},
  number={2},
  pages={1601},
  year={2007}
}


@inproceedings{kautz1999unifying,
  title={Unifying SAT-based and graph-based planning},
  author={Kautz, Henry and Selman, Bart},
  booktitle={IJCAI},
  volume={99},
  pages={318--325},
  year={1999}
}


@article{rintanen2009planning,
  title={Planning and SAT.},
  author={Rintanen, Jussi},
  journal={Handbook of Satisfiability},
  volume={185},
  pages={483--504},
  year={2009}
}


@article{rintanen2012planning,
  title={Planning as satisfiability: Heuristics},
  author={Rintanen, Jussi},
  journal={Artificial Intelligence},
  volume={193},
  pages={45--86},
  year={2012},
  publisher={Elsevier}
}


@article{do2001planning,
  title={Planning as constraint satisfaction: Solving the planning graph by compiling it into CSP},
  author={Do, Minh Binh and Kambhampati, Subbarao},
  journal={Artificial Intelligence},
  volume={132},
  number={2},
  pages={151--182},
  year={2001},
  publisher={Elsevier}
}


@inproceedings{lopez2003generalizing,
  title={Generalizing graphplan by formulating planning as a CSP},
  author={Lopez, Adriana and Bacchus, Fahiem},
  booktitle={IJCAI},
  volume={3},
  pages={954--960},
  year={2003}
}


@article{vidal2006branching,
  title={Branching and pruning: An optimal temporal POCL planner based on constraint programming},
  author={Vidal, Vincent and Geffner, H{\'e}ctor},
  journal={Artificial Intelligence},
  volume={170},
  number={3},
  pages={298},
  year={2006},
  publisher={Amsterdam: North-Holland Pub. Co., 1970-}
}


@inproceedings{jimenez2015temporal,
  title={Temporal planning with required concurrency using classical planning},
  author={Jim{\'e}nez, Sergio and Jonsson, Anders and Palacios, H{\'e}ctor},
  booktitle={Proceedings of the 25th International Conference on Automated Planning and Scheduling (ICAPS)},
  year={2015}
}


@inproceedings{howey2004val,
  title={VAL: Automatic plan validation, continuous effects and mixed initiative planning using PDDL},
  author={Howey, Richard and Long, Derek and Fox, Maria},
  booktitle={16th IEEE International Conference on Tools with Artificial Intelligence (ICTAI 2004)},
  pages={294--301},
  year={2004}
}


@article{garrido2009constraint,
  title={A constraint programming formulation for planning: from plan scheduling to plan generation},
  author={Garrido, Antonio and Arangu, Marlene and Onaindia, Eva},
  journal={Journal of Scheduling},
  volume={12},
  number={3},
  pages={227--256},
  year={2009},
  publisher={Springer}
}


@article{fox2003pddl2,
  title={PDDL2. 1: An extension to PDDL for expressing temporal planning domains},
  author={Fox, Maria and Long, Derek},
  journal={Journal of artificial intelligence research},
  volume={20},
  pages={61--124},
  year={2003}
}
