@inproceedings{howey2004val,
  title={{VAL}: Automatic plan validation, continuous effects and mixed initiative planning using {PDDL}},
  author={Howey, Richard and Long, Derek and Fox, Maria},
  booktitle={Tools with Artificial Intelligence, 2004. ICTAI 2004. 16th IEEE International Conference on},
  pages={294--301},
  year={2004},
  organization={IEEE}
}


@article{fox2003pddl2,
  title={PDDL2.1: An extension to PDDL for expressing temporal planning domains},
  author={Fox, Maria and Long, Derek},
  journal={Journal of artificial intelligence research},
  volume={20},
  pages={61--124},
  year={2003}
}


@inproceedings{cushing2007temporal,
  title={When is temporal planning really temporal?},
  author={Cushing, William and Kambhampati, Subbarao and Weld, Daniel S and others},
  booktitle={Proceedings of the 20th international joint conference on Artifical intelligence},
  pages={1852--1859},
  year={2007},
  organization={Morgan Kaufmann Publishers Inc.}
}


@article{jimenez2012review,
  title={A review of machine learning for automated planning},
  author={Jim{\'e}nez, Sergio and De la Rosa, Tom{\'a}s and Fern{\'a}ndez, Susana and Fern{\'a}ndez, Fernando and Borrajo, Daniel},
  journal={The Knowledge Engineering Review},
  volume={27},
  number={4},
  pages={433--467},
  year={2012},
  publisher={Cambridge University Press}
}


@inproceedings{kambhampati2007model,
  title={Model-lite planning for the web age masses: The challenges of planning with incomplete and evolving domain models},
  author={Kambhampati, Subbarao},
  booktitle={Proceedings of the National Conference on Artificial Intelligence ({AAAI-07})},
  volume={22(2)},
  pages={1601--1604},
  year={2007}
}

@article{yang2007learning,
  title={Learning action models from plan examples using weighted {MAX-SAT}},
  author={Yang, Qiang and Wu, Kangheng and Jiang, Yunfei},
  journal={Artificial Intelligence},
  volume={171},
  number={2-3},
  pages={107--143},
  year={2007},
  publisher={Elsevier}
}

@inproceedings{MouraoZPS12,
  author    = {Kira Mour{\~{a}}o and
               Luke S. Zettlemoyer and
               Ronald P. A. Petrick and
               Mark Steedman},
  title     = {Learning {STRIPS} Operators from Noisy and Incomplete Observations},
  booktitle = {Conference on Uncertainty in Artificial Intelligence, {UAI-12}},
  pages     = {614--623},
  year      = {2012}
}

@inproceedings{kuvcera2018louga,
  author    = {Jir{\'{\i}} Kucera and Roman Bart{\'{a}}k},
  title     = {{LOUGA:} Learning Planning Operators Using Genetic Algorithms},
  booktitle={Pacific Rim Knowledge Acquisition Workshop, {PKAW-18}},
  pages     = {124--138},
  year      = {2018}
}

@inproceedings{zhuo2013action,
  title={Action-Model Acquisition from Noisy Plan Traces},
  author={Zhuo, Hankz Hankui and Kambhampati, Subbarao},
  booktitle={International Joint Conference on Artificial Intelligence, {IJCAI-13}},
  pages={2444--2450},
  year={2013}
}

@article{arora2018review,
  title={A review of learning planning action models},
  author={Arora, Ankuj and Fiorino, Humbert and Pellier, Damien and M{\'e}tivier, Marc and Pesty, Sylvie},
  journal={The Knowledge Engineering Review},
  volume={33},
  year={2018},
  publisher={Cambridge University Press}
}

@article{AmirC08,
  author    = {Eyal Amir and Allen Chang},
  title     = {Learning Partially Observable Deterministic Action Models},
  journal   = {Journal of Artificial Intelligence Research},
  volume    = {33},
  pages     = {349--402},
  year      = {2008}
}

%%% LAMP 2010
@article{ZhuoYHL10,
  author    = {Hankz Hankui Zhuo and Qiang Yang and Derek Hao Hu and Lei Li},
  title     = {Learning complex action models with quantifiers and logical implications},
  journal   = {Artificial Intelligence},
  volume    = {174},
  number    = {18},
  pages     = {1540--1569},
  year    = {2010},
}

@article{cresswell2013,
  title={Acquiring planning domain models using {LOCM}},
  author={Cresswell, S. N. and McCluskey, T.L. and West, M.M},
  journal={The Knowledge Engineering Review},
  volume={28(2)},
  pages={195--213},
  year={2013}
}

%%%  RIM 2013
@inproceedings{ZhuoNK13,
  author    = {Hankz Hankui Zhuo and Tuan Anh Nguyen and Subbarao Kambhampati},
  title     = {Refining Incomplete Planning Domain Models Through Plan Traces},
  booktitle = {International Joint Conference on Artificial Intelligence, {IJCAI-13}},
  pages     = {2451--2458},
  year      = {2013}
}

%%%  MODEL LITE  2017
@article{ZhuoK17,
  author    = {Hankz Hankui Zhuo and Subbarao Kambhampati},
  title     = {Model-lite planning: Case-based vs. model-based approaches},
  journal   = {Artificial Intelligence},
  volume    = {246},
  pages     = {1--21},
  year      = {2017}
}