@article{geffner2013concise,
  title={A concise introduction to models and methods for automated planning},
  author={Geffner, Hector and Bonet, Blai},
  journal={Synthesis Lectures on Artificial Intelligence and Machine Learning},
  volume={8},
  number={1},
  pages={1--141},
  year={2013},
  publisher={Morgan \& Claypool Publishers}
}


@MANUAL{Ghallab98,
  author = {Ghallab, M. and Howe, A. and Knoblock, C. and McDermott, D. and Ram, A. and
           Veloso, M. and Weld, D. and Wilkins, D.},
  year = 1998,
  title = {{PDDL} - The Planning Domain Definition Language},
  organization = {AIPS-98 Planning Competition Committee}
}

@book{ghallab2004automated,
  title={Automated Planning: theory and practice},
  author={Ghallab, Malik and Nau, Dana and Traverso, Paolo},
  year={2004},
  publisher={Elsevier}
}


@inproceedings{kambhampati2007model,
  title={Model-lite planning for the web age masses: The challenges of planning with incomplete and evolving domain models},
  author={Kambhampati, Subbarao},
  booktitle={Proceedings of the National Conference on Artificial Intelligence ({AAAI-07})},
  volume={22(2)},
  pages={1601--1604},
  year={2007}
}

@inproceedings{kautz1999unifying,
  title={Unifying SAT-based and graph-based planning},
  author={Kautz, Henry and Selman, Bart},
  booktitle={IJCAI},
  volume={99},
  pages={318--325},
  year={1999}
}


@article{rintanen2009planning,
  title={Planning and SAT},
  author={Rintanen, Jussi},
  journal={Handbook of Satisfiability},
  volume={185},
  pages={483--504},
  year={2009}
}


@article{rintanen2012planning,
  title={Planning as satisfiability: Heuristics},
  author={Rintanen, Jussi},
  journal={Artificial Intelligence},
  volume={193},
  pages={45--86},
  year={2012},
  publisher={Elsevier}
}


@article{do2001planning,
  title={Planning as constraint satisfaction: Solving the planning graph by compiling it into CSP},
  author={Do, Minh Binh and Kambhampati, Subbarao},
  journal={Artificial Intelligence},
  volume={132},
  number={2},
  pages={151--182},
  year={2001},
  publisher={Elsevier}
}


@inproceedings{lopez2003generalizing,
  title={Generalizing graphplan by formulating planning as a CSP},
  author={Lopez, Adriana and Bacchus, Fahiem},
  booktitle={IJCAI},
  volume={3},
  pages={954--960},
  year={2003}
}


@article{vidal2006branching,
  title={Branching and pruning: An optimal temporal POCL planner based on constraint programming},
  author={Vidal, Vincent and Geffner, H{\'e}ctor},
  journal={Artificial Intelligence},
  volume={170},
  number={3},
  pages={298},
  year={2006},
  publisher={Amsterdam: North-Holland Pub. Co., 1970-}
}


@inproceedings{jimenez2015temporal,
  title={Temporal planning with required concurrency using classical planning},
  author={Jim{\'e}nez, Sergio and Jonsson, Anders and Palacios, H{\'e}ctor},
  booktitle={Proceedings of the 25th International Conference on Automated Planning and Scheduling (ICAPS)},
  year={2015}
}


@inproceedings{howey2004val,
  title={VAL: Automatic plan validation, continuous effects and mixed initiative planning using PDDL},
  author={Howey, Richard and Long, Derek and Fox, Maria},
  booktitle={16th IEEE International Conference on Tools with Artificial Intelligence (ICTAI 2004)},
  pages={294--301},
  year={2004}
}


@article{garrido2009constraint,
  title={A constraint programming formulation for planning: from plan scheduling to plan generation},
  author={Garrido, Antonio and Arangu, Marlene and Onaindia, Eva},
  journal={Journal of Scheduling},
  volume={12},
  number={3},
  pages={227--256},
  year={2009},
  publisher={Springer}
}


@article{fox2003pddl2,
  title={PDDL2. 1: An extension to PDDL for expressing temporal planning domains},
  author={Fox, Maria and Long, Derek},
  journal={Journal of artificial intelligence research},
  volume={20},
  pages={61--124},
  year={2003}
}

@article{fox:TIM:JAIR1998,
  title={The automatic inference of state invariants in {TIM}},
  author={Fox, Maria and Long, Derek},
  journal={Journal of Artificial Intelligence Research},
  volume={9},
  pages={367--421},
  year={1998}
}

@inproceedings{cushing2007temporal,
  title={When is temporal planning really temporal?},
  author={Cushing, William and Kambhampati, Subbarao and Weld, Daniel S and others},
  booktitle={Proceedings of the 20th international joint conference on Artifical intelligence},
  pages={1852--1859},
  year={2007},
  organization={Morgan Kaufmann Publishers Inc.}
}


@article{vallati20152014,
  title={The 2014 international planning competition: Progress and trends},
  author={Vallati, Mauro and Chrpa, Lukas and Grze{\'s}, Marek and McCluskey, Thomas Leo and Roberts, Mark and Sanner, Scott and others},
  journal={Ai Magazine},
  volume={36},
  number={3},
  pages={90--98},
  year={2015}
}


@inproceedings{sreedharan2018handling,
  title={Handling Model Uncertainty and Multiplicity in Explanations via Model Reconciliation},
  author={Sreedharan, Sarath and Chakraborti, Tathagata and Kambhampati, Subbarao},
  booktitle = {International Conference on Automated Planning and Scheduling, {(ICAPS-18)}},
  pages={518--526},
  year={2018}
}

@inproceedings{aineto2018icaps,
  title={Learning {STRIPS} action models with classical planning},
  author={Aineto, D. and Jim{\'e}nez, S. and Onaindia, E.},
  booktitle = {International Conference on Automated Planning and Scheduling, {(ICAPS-18)}},
  pages={399--407},
  year={2018}
}

@inproceedings{aineto2019icaps,
  title={Model recognition as planning},
  author={Aineto, D. and Jim{\'e}nez, S. and Onaindia, E. and Ram{\'i}rez, M.},
  booktitle = {International Conference on Automated Planning and Scheduling, {(ICAPS-19)}},
  pages={In press},
  year={2019}
}

@PHDTHESIS{ramirez2012,
  author =       {Ram{\'i}rez, M.},
  title =        {Plan recognition as planning},
  school =       {Universitat Pompeu Fabra},
  year =         {2012}
}

@inproceedings{bonet2009icaps,
  title={Automatic Derivation of Memoryless Policies and Finite-State Controllers Using Classical Planners},
  author={Bonet, B. and Palacios, H. and Geffner, H.},
  booktitle = {International Conference on Automated Planning and Scheduling, {(ICAPS-09)}},
  pages={34--41},
  year={2009}
}

@article{cresswell2013,
  title={Acquiring planning domain models using {LOCM}},
  author={Cresswell, S. N. and McCluskey, T.L. and West, M.M},
  journal={The Knowledge Engineering Review},
  volume={28(2)},
  pages={195--213},
  year={2013}
}

@inproceedings{segovia2016ijcai,
  title={Hierarchical Finite State Controllers for Generalized Planning},
  author={Segovia-Aguas, J. and Jimenez, S. and Jonsson, A.},
  booktitle = {International Joint Conference on Artificial Intelligence {(IJCAI-16)}},
  pages={3235--3241},
  year={2016}
}

@article{hoffmann2005,
  title={The Deterministic Part of {IPC-4}: an Overview},
  author={Hoffmann, J. and Edelkamp, S.},
  journal={Journal of Artificial Intelligence Research},
  volume={24},
  pages={519--579},
  year={2005}
}

@INPROCEEDINGS{Edelkamp04,
  author = {Edelkamp, S. and Hoffmann, J.},
  pages = {2--6},
  year = 2004,
  title = {{PDDL2.2}: the Language for the Classical Part of {IPC--4}},
  booktitle = {Proc. Int. Conference on Automated Planning and Scheduling ({ICAPS}-2004) -- International Planning Competition}
}
